%% Obtained via the getNewBibTeX script and the SPIRES biblio service

%%---------------------%%
%%----- CHAPTER 1 -----%%
%%---------------------%%



%% Fritz Zwicky 1933 ()
@Article{Fritz_Zwicky_1993,
    author = "Zwicky, F.",
    title = "Die Rotverschiebung von extragalaktischen Nebeln",
    journal = "Helvetica Physica Acta",
    year = "1933",
    month = "Jan",
    volume = "6",
    pages = "110:127",
    adsurl = {https://ui.adsabs.harvard.edu/abs/1933AcHPh...6..110Z},
    adsnote = {Provided by the SAO/NASA Astrophysics Data System}
}

%% Modern Cosmology Textbook
@Textbook{Modern_Cosmology,
    author = "Scott Dodelson",
    title = "\textit{Modern Cosmology}",
    journal = "Elsevier",
    year = "2003",
    pages = "",
}

%% Gravity: An introduction to Einstain's General Relativity
@Textbook{Gravity,
    author = "James B. Hartle",
    title = "\textit{Gravity: An Introduction To Einstein's General Relativity}",
    journal = "Pearson",
    year = "2003",
    pages = "",
}

%% Slipler 1913 — First Doppler shift observations ()
@Article{Slipler,
    author = "Slipher, V. M.",
    title = "The radial velocity of the Andromeda Nebula",
    journal = "Lowell Observatory Bulletin",
    year = "1913",
    volume = "1",
    pages = "pp.56-57",
    adsurl = {https://ui.adsabs.harvard.edu/abs/1933AcHPh...6..110Z},
    adsnote = {Provided by the SAO/NASA Astrophysics Data System}
}

%% Friedman 1922
@Article{Friedman,
    author = "Friedman, A.",
    title = "Über die Krümmung des Raumes",
    journal = "Zeitschrift für Physik",
    year = "1922",
    volume = "10",
    pages = "",
}

%% Hubble 1929
@Article{Hubble,
    author = "Hubble, E.",
    title = "",
    journal = "Proceedings of the National Astronomical Society",
    year = "1929",
    volume = "",
    pages = "15:168",
}

%% PLANK 2018
@article{Plank_2018,
      author         = "Aghanim, N. and others",
      title          = "{Planck 2018 results. VI. Cosmological parameters}",
      collaboration  = "Planck",
      year           = "2018",
      eprint         = "1807.06209",
      archivePrefix  = "arXiv",
      primaryClass   = "astro-ph.CO",
      SLACcitation   = "%%CITATION = ARXIV:1807.06209;%%"
}

%% PLANK 2018
@article{Plank_2018_2,
      author         = "Akrami, Y. and others",
      title          = "{Planck 2018 results. I. Overview and the cosmological
                        legacy of Planck}",
      collaboration  = "Planck",
      year           = "2018",
      eprint         = "1807.06205",
      archivePrefix  = "arXiv",
      primaryClass   = "astro-ph.CO",
      SLACcitation   = "%%CITATION = ARXIV:1807.06205;%%"
}

%% Sean Carroll, Cosmological constant
@Article{SeanC,
    author = "Sean M. Carroll",
    title = "The Cosmological Constant",
    journal = "Living Rev. Rel.",
    year = "2001",
    volume = "4",
}

%% PDG Constants
@article{pdg,
  title = {Review of Particle Physics},
  author = {M. Tanabashi et al.},
  collaboration = {Particle Data Group},
  journal = {Phys. Rev. D},
  volume = {98},
  issue = {3},
  numpages = {1898},
  year = {2018},
  month = {Aug},
  publisher = {American Physical Society},
  doi = {10.1103/PhysRevD.98.030001},
  url = {https://link.aps.org/doi/10.1103/PhysRevD.98.030001}
}

%% CMB discovery
@ARTICLE{CMB_disc,
       author = {{Penzias}, A.~A. and {Wilson}, R.~W.},
        title = "{A Measurement of Excess Antenna Temperature at 4080 Mc/s.}",
      journal = {Astrophys. J},
     keywords = {Microwave Background, Cosmic Background Radiation},
         year = "1965",
        month = "Jul",
       volume = {142},
        pages = {419-421},
          doi = {10.1086/148307},
       adsurl = {https://ui.adsabs.harvard.edu/abs/1965ApJ...142..419P},
      adsnote = {Provided by the SAO/NASA Astrophysics Data System}
}

%% CMB Temperature
@ARTICLE{cmb_temp,
       author = {{Mather}, J.~C. and others},
        title = "{Calibrator Design for the COBE Far-Infrared Absolute Spectrophotometer (FIRAS)}",
      journal = {Astrophys. J},
         year = "1999",
        month = "Feb",
       volume = {512},
       number = {2},
        pages = {511-520},
          doi = {10.1086/306805},
}


%% Planck: CMB Map 2018
@article{plank_cmb_map,
      author         = "Akrami, Y. and others",
      title          = "{Planck 2018 results. IV. Diffuse component separation}",
      collaboration  = "Planck",
      year           = "2018",
      eprint         = "1807.06208",
      archivePrefix  = "arXiv",
      primaryClass   = "astro-ph.CO",
      SLACcitation   = "%%CITATION = ARXIV:1807.06208;%%"
}

%% Planck: CMB Power Spectrum
@article{planck_power_spectrum,
      author         = "Ade, P. A. R. and others",
      title          = "{Planck 2013 results. I. Overview of products and
                        scientific results}",
      collaboration  = "Planck",
      journal        = "Astron. Astrophys.",
      volume         = "571",
      year           = "2014",
      pages          = "A1",
      doi            = "10.1051/0004-6361/201321529",
      eprint         = "1303.5062",
      archivePrefix  = "arXiv",
      primaryClass   = "astro-ph.CO",
      reportNumber   = "CERN-PH-TH-2013-115",
      SLACcitation   = "%%CITATION = ARXIV:1303.5062;%%"
}

%% Primordial nucleosynthesis
@article{pns,
      author         = "Coc, Alain and Vangioni, Elisabeth",
      title          = "{Primordial nucleosynthesis}",
      journal        = "Int. J. Mod. Phys.",
      volume         = "E26",
      year           = "2017",
      number         = "08",
      pages          = "1741002",
      doi            = "10.1142/S0218301317410026",
      eprint         = "1707.01004",
      archivePrefix  = "arXiv",
      primaryClass   = "astro-ph.CO",
      SLACcitation   = "%%CITATION = ARXIV:1707.01004;%%"
}

%% BBN status update
@article{BBN_figure,
  title = {Big bang nucleosynthesis: Present status},
  author = {Cyburt, Richard H. and Fields, Brian D. and Olive, Keith A. and Yeh, Tsung-Han},
  journal = {Rev. Mod. Phys.},
  volume = {88},
  issue = {1},
  pages = {015004},
  numpages = {22},
  year = {2016},
  month = {Feb},
  publisher = {American Physical Society},
  doi = {10.1103/RevModPhys.88.015004},
  url = {https://link.aps.org/doi/10.1103/RevModPhys.88.015004}
}

%% Origin of deuterium
@article{Deuterium,
  author = {Epstein, Richard I and Lattimer, James M and Schramm, David N},
  doi = {10.1038/263198a0},
  issn = {1476-4687},
  journal = {Nature},
  number = {5574},
  pages = {198--202},
  title = {{The origin of deuterium}},
  url = {https://doi.org/10.1038/263198a0},
  volume = {263},
  year = {1976}
}

%% Limits on D/H
@article{d_h_measurements,
   title={Two New Low Galactic D/H Measurements from theFar Ultraviolet Spectroscopic Explorer},
   volume={609},
   ISSN={1538-4357},
   url={http://dx.doi.org/10.1086/421325},
   DOI={10.1086/421325},
   number={2},
   journal={The Astrophysical Journal},
   publisher={IOP Publishing},
   author={Wood, Brian E. and Linsky, Jeffrey L. and Hebrard, Guillaume and Williger, Gerard M. and Moos, H. Warren and Blair, William P.},
   year={2004},
   month={Jul},
   pages={838–853}
}

%% Lithium problem 
@article{Fields_2011,
   title={The Primordial Lithium Problem},
   volume={61},
   ISSN={1545-4134},
   url={http://dx.doi.org/10.1146/annurev-nucl-102010-130445},
   DOI={10.1146/annurev-nucl-102010-130445},
   number={1},
   journal={Annual Review of Nuclear and Particle Science},
   publisher={Annual Reviews},
   author={Fields, Brian D.},
   year={2011},
   month={Nov},
   pages={47–68}
}

%% ROTATION CURVES %%

%% Oort noticing issyes with galaxies
@ARTICLE{oort,
       author = {{Oort}, J.~H.},
        title = "{Some Problems Concerning the Structure and Dynamics of the Galactic System and the Elliptical Nebulae NGC 3115 and 4494.}",
      journal = {Astrophys. J},
         year = "1940",
        month = "Apr",
       volume = {91},
        pages = {273},
          doi = {10.1086/144167},
       adsurl = {https://ui.adsabs.harvard.edu/abs/1940ApJ....91..273O},
      adsnote = {Provided by the SAO/NASA Astrophysics Data System}
}

%% Vera Ruben & Ford
@ARTICLE{ruben_ford,
       author = {{Rubin}, Vera C. and {Ford}, W. Kent, Jr.},
        title = "{Rotation of the Andromeda Nebula from a Spectroscopic Survey of Emission Regions}",
      journal = {Astrophys. J},
         year = "1970",
        month = "Feb",
       volume = {159},
        pages = {379},
          doi = {10.1086/150317},
       adsurl = {https://ui.adsabs.harvard.edu/abs/1970ApJ...159..379R},
      adsnote = {Provided by the SAO/NASA Astrophysics Data System}
}

@ARTICLE{ruben_ford_results,
       author = {{Rubin}, V.~C. and {Ford}, W.~K., Jr. and {Thonnard}, N.},
        title = "{Rotational properties of 21 SC galaxies with a large range of luminosities and radii, from NGC 4605 (R=4kpc) to UGC 2885 (R=122kpc).}",
      journal = {Astrophys. J},
     keywords = {Astronomical Spectroscopy, Galactic Evolution, Galactic Rotation, Galaxies, Stellar Luminosity, Dynamic Characteristics, Galactic Nuclei, Morphology, Radial Velocity, Radii, Astrophysics},
         year = "1980",
        month = "Jun",
       volume = {238},
        pages = {471-487},
          doi = {10.1086/158003},
       adsurl = {https://ui.adsabs.harvard.edu/abs/1980ApJ...238..471R},
      adsnote = {Provided by the SAO/NASA Astrophysics Data System}
}

%% Galaxy rotation curve for Andromeda (M31)
@article{Carignan_2006,
	doi = {10.1086/503869},
	url = {https://doi.org/10.1086%2F503869},
	year = 2006,
	month = {mar},
	publisher = {{IOP} Publishing},
	volume = {641},
	number = {2},
	pages = {L109--L112},
	author = {Claude Carignan and Laurent Chemin and Walter K. Huchtmeier and Felix J. Lockman},
	title = {The Extended {HiRotation} Curve and Mass Distribution of M31},
	journal = {The Astrophysical Journal},
}

%% Dark matter halo discussion
@ARTICLE{dm_halo,
       author = {{Ashman}, Keith M.},
        title = "{Dark Matter in Galaxies}",
      journal = {\pasp},
     keywords = {Dark Matter, Dwarf Galaxies, Galactic Halos, Mass Distribution, Milky Way Galaxy, Solar Neighborhood, Astrophysics, DARK MATTER, GALAXIES: KINEMATICS AND DYNAMICS},
         year = "1992",
        month = "Dec",
       volume = {104},
        pages = {1109},
          doi = {10.1086/133099},
       adsurl = {https://ui.adsabs.harvard.edu/abs/1992PASP..104.1109A},
      adsnote = {Provided by the SAO/NASA Astrophysics Data System}
}

%% Rotation disc of milky way
@article{Mr_z_2019,
   title={Rotation Curve of the Milky Way from Classical Cepheids},
   volume={870},
   ISSN={2041-8213},
   url={http://dx.doi.org/10.3847/2041-8213/aaf73f},
   DOI={10.3847/2041-8213/aaf73f},
   number={1},
   journal={The Astrophysical Journal},
   publisher={American Astronomical Society},
   author={Mróz, Przemek and Udalski, Andrzej and Skowron, Dorota M. and Skowron, Jan and Soszyński, Igor and Pietrukowicz, Paweł and Szymański, Michał K. and Poleski, Radosław and Kozłowski, Szymon and Ulaczyk, Krzysztof},
   year={2019},
   month={Jan},
   pages={L10}
}

%% Mond
@article{Milgrom_2015,
   title={MOND theory},
   volume={93},
   ISSN={1208-6045},
   url={http://dx.doi.org/10.1139/cjp-2014-0211},
   DOI={10.1139/cjp-2014-0211},
   number={2},
   journal={Canadian Journal of Physics},
   publisher={Canadian Science Publishing},
   author={Milgrom, Mordehai},
   year={2015},
   month={Feb},
   pages={107–118}
}

%% MOG
@article{Moffat_2006,
   title={Scalar–tensor–vector gravity theory},
   volume={2006},
   ISSN={1475-7516},
   url={http://dx.doi.org/10.1088/1475-7516/2006/03/004},
   DOI={10.1088/1475-7516/2006/03/004},
   number={03},
   journal={Journal of Cosmology and Astroparticle Physics},
   publisher={IOP Publishing},
   author={Moffat, J W},
   year={2006},
   month={Mar},
   pages={004–004}
}

%% Large scale structure
@Textbook{LSS_coles,
      author         = "Coles, P. and Lucchin, F.",
      title          = "\textit{Cosmology: The Origin and evolution of cosmic structure}",
      journal        = "Wiley",
      year           = "1995",
      SLACcitation   = "%%CITATION = INSPIRE-405909;%%"
}


%% Dark Matter & WIMPs %%
%%---------------------%%

%% Axions and CP 
@article{axions_cp,
  title = {$\mathrm{CP}$ Conservation in the Presence of Pseudoparticles},
  author = {Peccei, R. D. and Quinn, Helen R.},
  journal = {Phys. Rev. Lett.},
  volume = {38},
  issue = {25},
  pages = {1440--1443},
  numpages = {0},
  year = {1977},
  month = {Jun},
  publisher = {American Physical Society},
  doi = {10.1103/PhysRevLett.38.1440},
  url = {https://link.aps.org/doi/10.1103/PhysRevLett.38.1440}
}

%% QCD Instantons
@article{Sch_fer_1998,
   title={Instantons in QCD},
   volume={70},
   ISSN={1539-0756},
   url={http://dx.doi.org/10.1103/RevModPhys.70.323},
   DOI={10.1103/revmodphys.70.323},
   number={2},
   journal={Reviews of Modern Physics},
   publisher={American Physical Society (APS)},
   author={Schäfer, T. and Shuryak, E. V.},
   year={1998},
   month={Apr},
   pages={323–425}
}

%% QCD Lagrangian CP violation 
@article{gauge_theory_vacuum,
title = "The structure of the gauge theory vacuum",
journal = "Physics Letters B",
volume = "63",
number = "3",
pages = "334 - 340",
year = "1976",
issn = "0370-2693",
doi = "https://doi.org/10.1016/0370-2693(76)90277-X",
url = "http://www.sciencedirect.com/science/article/pii/037026937690277X",
author = "C.G. Callan and R.F. Dashen and D.J. Gross",
}

%% Symmetry breaking
@article{tHooft:1976rip,
      author         = "'t Hooft, Gerard",
      title          = "{Symmetry Breaking Through Bell-Jackiw Anomalies}",
      journal        = "Phys. Rev. Lett.",
      volume         = "37",
      year           = "1976",
      pages          = "8-11",
      doi            = "10.1103/PhysRevLett.37.8",
      note           = "[,226(1976)]",
      reportNumber   = "PRINT-76-0254 (HARVARD)",
      SLACcitation   = "%%CITATION = PRLTA,37,8;%%"
}

%% Electric dipole moment limit of neutron
@article{edm_limit,
      author         = "Baker, C. A. and others",
      title          = "{An Improved experimental limit on the electric dipole
                        moment of the neutron}",
      journal        = "Phys. Rev. Lett.",
      volume         = "97",
      year           = "2006",
      pages          = "131801",
      doi            = "10.1103/PhysRevLett.97.131801",
      eprint         = "hep-ex/0602020",
      archivePrefix  = "arXiv",
      primaryClass   = "hep-ex",
      SLACcitation   = "%%CITATION = HEP-EX/0602020;%%"
}

%% Introducing axions
@article{axions_family,
  title = {Axions and Family Symmetry Breaking},
  author = {Wilczek, Frank},
  journal = {Phys. Rev. Lett.},
  volume = {49},
  issue = {21},
  pages = {1549--1552},
  numpages = {0},
  year = {1982},
  month = {Nov},
  publisher = {American Physical Society},
  doi = {10.1103/PhysRevLett.49.1549},
  url = {https://link.aps.org/doi/10.1103/PhysRevLett.49.1549}
}


%% Searching for Axion using magnetic fields
@article{axion_searches,
  title = {Experimental Tests of the "Invisible" Axion},
  author = {Sikivie, P.},
  journal = {Phys. Rev. Lett.},
  volume = {51},
  issue = {16},
  pages = {1415--1417},
  numpages = {0},
  year = {1983},
  month = {Oct},
  publisher = {American Physical Society},
  doi = {10.1103/PhysRevLett.51.1415},
  url = {https://link.aps.org/doi/10.1103/PhysRevLett.51.1415}
}

%% ADMX
@article{ADMX_2010,
  title = {SQUID-Based Microwave Cavity Search for Dark-Matter Axions},
  author = {Asztalos, S. J. and Carosi, G. and Hagmann, C. and Kinion, D. and van Bibber, K. and Hotz, M. and Rosenberg, L. J and Rybka, G. and Hoskins, J. and Hwang, J. and Sikivie, P. and Tanner, D. B. and Bradley, R. and Clarke, J.},
  journal = {Phys. Rev. Lett.},
  volume = {104},
  issue = {4},
  pages = {041301},
  numpages = {4},
  year = {2010},
  month = {Jan},
  publisher = {American Physical Society},
  doi = {10.1103/PhysRevLett.104.041301},
  url = {https://link.aps.org/doi/10.1103/PhysRevLett.104.041301}
}

%% Neutrino mixing summary
@article{aless2006neutrino,
    title={Neutrino masses and mixings and...},
    author={Alessandro Strumia and Francesco Vissani},
    year={2006},
    eprint={hep-ph/0606054},
    archivePrefix={arXiv},
    primaryClass={hep-ph}
}

%% Neutrino mass from cosmology
@article{Lesgourgues_2012,
   title={Neutrino Mass from Cosmology},
   volume={2012},
   ISSN={1687-7365},
   url={http://dx.doi.org/10.1155/2012/608515},
   DOI={10.1155/2012/608515},
   journal={Advances in High Energy Physics},
   publisher={Hindawi Limited},
   author={Lesgourgues, Julien and Pastor, Sergio},
   year={2012},
   pages={1–34}
}

%% KATRIN Experiment
@article{katrin_experiment,
title = "Status of the KATRIN Experiment and Prospects to Search for keV-mass Sterile Neutrinos in Tritium β-decay",
journal = "Physics Procedia",
volume = "61",
pages = "267 - 273",
year = "2015",
note = "13th International Conference on Topics in Astroparticle and Underground Physics, TAUP 2013",
issn = "1875-3892",
doi = "https://doi.org/10.1016/j.phpro.2014.12.043",
url = "http://www.sciencedirect.com/science/article/pii/S1875389214006567",
author = "Susanne Mertens",
}

%% KATRIN limits on absolute neutrino mass
@article{katrin_results,
   title={Improved Upper Limit on the Neutrino Mass from a Direct Kinematic Method by KATRIN},
   volume={123},
   ISSN={1079-7114},
   url={http://dx.doi.org/10.1103/PhysRevLett.123.221802},
   DOI={10.1103/physrevlett.123.221802},
   number={22},
   journal={Physical Review Letters},
   publisher={American Physical Society (APS)},
   author={Aker, M. and Altenmüller, K. and Arenz, M. and Babutzka, M. and Barrett, J. and Bauer, S. and Beck, M. and Beglarian, A. and Behrens, J. and Bergmann, T. and et al.},
   year={2019},
   month={Nov}
}

%% Seesaw review
@article{King_2003,
   title={Neutrino mass models},
   volume={67},
   ISSN={1361-6633},
   url={http://dx.doi.org/10.1088/0034-4885/67/2/R01},
   DOI={10.1088/0034-4885/67/2/r01},
   number={2},
   journal={Reports on Progress in Physics},
   publisher={IOP Publishing},
   author={King, S F},
   year={2003},
   month={Dec},
   pages={107–157}
}

%% Sterile neutrinos as Dark matter
@article{Dodelson_1994,
   title={Sterile neutrinos as dark matter},
   volume={72},
   ISSN={0031-9007},
   url={http://dx.doi.org/10.1103/PhysRevLett.72.17},
   DOI={10.1103/physrevlett.72.17},
   number={1},
   journal={Physical Review Letters},
   publisher={American Physical Society (APS)},
   author={Dodelson, Scott and Widrow, Lawrence M.},
   year={1994},
   month={Jan},
   pages={17–20}
}

%% Light sterile neutrinos
@article{Gariazzo_2015,
   title={Light sterile neutrinos},
   volume={43},
   ISSN={1361-6471},
   url={http://dx.doi.org/10.1088/0954-3899/43/3/033001},
   DOI={10.1088/0954-3899/43/3/033001},
   number={3},
   journal={Journal of Physics G: Nuclear and Particle Physics},
   publisher={IOP Publishing},
   author={Gariazzo, S and Giunti, C and Laveder, M and Li, Y F and Zavanin, E M},
   year={2015},
   month={Mar},
   pages={033001}
}

%% Miniboon results
@article{Aguilar_Arevalo_2018,
   title={Significant Excess of Electronlike Events in the MiniBooNE Short-Baseline Neutrino Experiment},
   volume={121},
   ISSN={1079-7114},
   url={http://dx.doi.org/10.1103/PhysRevLett.121.221801},
   DOI={10.1103/physrevlett.121.221801},
   number={22},
   journal={Physical Review Letters},
   publisher={American Physical Society (APS)},
   author={Aguilar-Arevalo, A. A. and Brown, B. C. and Bugel, L. and Cheng, G. and Conrad, J. M. and Cooper, R. L. and Dharmapalan, R. and Diaz, A. and Djurcic, Z. and Finley, D. A. and et al.},
   year={2018},
   month={Nov}
}




@article{Bertone_2005,
   title={Particle dark matter: evidence, candidates and constraints},
   volume={405},
   ISSN={0370-1573},
   url={http://dx.doi.org/10.1016/j.physrep.2004.08.031},
   DOI={10.1016/j.physrep.2004.08.031},
   number={5-6},
   journal={Physics Reports},
   publisher={Elsevier BV},
   author={Bertone, Gianfranco and Hooper, Dan and Silk, Joseph},
   year={2005},
   month={Jan},
   pages={279–390}
}

%% WIMP Dark Matter %%
%%------------------%%

%% WIMP calculations
@article{Bertone_2005,
   title={Particle dark matter: evidence, candidates and constraints},
   volume={405},
   ISSN={0370-1573},
   url={http://dx.doi.org/10.1016/j.physrep.2004.08.031},
   DOI={10.1016/j.physrep.2004.08.031},
   number={5-6},
   journal={Physics Reports},
   publisher={Elsevier BV},
   author={Bertone, Gianfranco and Hooper, Dan and Silk, Joseph},
   year={2005},
   month={Jan},
   pages={279–390}
}

%% Dark matter book
@book{Bertone_book,
      author         = "Silk, J. and others",
      editor         = "Bertone, Gianfranco",
      title          = "{Particle Dark Matter: Observations, Models and
                        Searches}",
      publisher      = "Cambridge Univ. Press",
      address        = "Cambridge",
      year           = "2010",
      url            = "http://www.cambridge.org/uk/catalogue/catalogue.asp?isbn=9780521763684",
      doi            = "10.1017/CBO9780511770739",
      ISBN           = "9781107653924",
      SLACcitation   = "%%CITATION = INSPIRE-895273;%%"
}

%% WIMP Freezeout plot
@article{Feng_2010,
   title={Dark Matter Candidates from Particle Physics and Methods of Detection},
   volume={48},
   ISSN={1545-4282},
   url={http://dx.doi.org/10.1146/annurev-astro-082708-101659},
   DOI={10.1146/annurev-astro-082708-101659},
   number={1},
   journal={Annual Review of Astronomy and Astrophysics},
   publisher={Annual Reviews},
   author={Feng, Jonathan L.},
   year={2010},
   month={Aug},
   pages={495–545}
}

%% Supersymmetry
@article{Jungman_1996,
   title={Supersymmetric dark matter},
   volume={267},
   ISSN={0370-1573},
   url={http://dx.doi.org/10.1016/0370-1573(95)00058-5},
   DOI={10.1016/0370-1573(95)00058-5},
   number={5-6},
   journal={Physics Reports},
   publisher={Elsevier BV},
   author={Jungman, Gerard and Kamionkowski, Marc and Griest, Kim},
   year={1996},
   month={Mar},
   pages={195–373}
}

%% Search for neutralinos
@article{Athron_2019,
   title={Combined collider constraints on neutralinos and charginos},
   volume={79},
   ISSN={1434-6052},
   url={http://dx.doi.org/10.1140/epjc/s10052-019-6837-x},
   DOI={10.1140/epjc/s10052-019-6837-x},
   number={5},
   journal={The European Physical Journal C},
   publisher={Springer Science and Business Media LLC},
   author={Athron, Peter and Balázs, Csaba and Buckley, Andy and Cornell, Jonathan M. and Danninger, Matthias and Farmer, Ben and Fowlie, Andrew and Gonzalo, Tomás E. and Harz, Julia and et al.},
   year={2019},
   month={May}
}

%% Local DM Density 
@article{Read_2014,
   title={The local dark matter density},
   volume={41},
   ISSN={1361-6471},
   url={http://dx.doi.org/10.1088/0954-3899/41/6/063101},
   DOI={10.1088/0954-3899/41/6/063101},
   number={6},
   journal={Journal of Physics G: Nuclear and Particle Physics},
   publisher={IOP Publishing},
   author={Read, J I},
   year={2014},
   month={May},
   pages={063101}
}

%% Gaia Data release
@article{Gaia_2018,
   title={GaiaData Release 2},
   volume={616},
   ISSN={1432-0746},
   url={http://dx.doi.org/10.1051/0004-6361/201833051},
   DOI={10.1051/0004-6361/201833051},
   journal={Astronomy & Astrophysics},
   publisher={EDP Sciences},
   author={Brown, A. G. A. and Vallenari, A. and Prusti, T. and de Bruijne, J. H. J. and Babusiaux, C. and Bailer-Jones, C. A. L. and Biermann, M. and Evans, D. W. and Eyer, L. and et al.},
   year={2018},
   month={Aug},
   pages={A1}
}

%% Local density updated
@article{Sivertsson_2018,
   title={The localdark matter density from SDSS-SEGUE G-dwarfs},
   volume={478},
   ISSN={1365-2966},
   url={http://dx.doi.org/10.1093/mnras/sty977},
   DOI={10.1093/mnras/sty977},
   number={2},
   journal={Monthly Notices of the Royal Astronomical Society},
   publisher={Oxford University Press (OUP)},
   author={Sivertsson, S and Silverwood, H and Read, J I and Bertone, G and Steger, P},
   year={2018},
   month={Apr},
   pages={1677–1693}
}

%% Distance of galaxy from center
@article{galaxy_center_distance,
    author = {Reid, Mark J.},
    title = {The Distance to the Center of the Galaxy},
    journal = {Annual Review of Astronomy and Astrophysics},
    volume = {31},
    number = {1},
    pages = {345-372},
    year = {1993},
    doi = {10.1146/annurev.aa.31.090193.002021},
    URL = {https://doi.org/10.1146/annurev.aa.31.090193.002021},
    eprint = {https://doi.org/10.1146/annurev.aa.31.090193.002021}
}

%% Local speed of sun
@article{Bovy_2012,
   title={THE MILKY WAY’S CIRCULAR-VELOCITY CURVE BETWEEN 4 AND 14 kpc FROM APOGEE DATA},
   volume={759},
   ISSN={1538-4357},
   url={http://dx.doi.org/10.1088/0004-637X/759/2/131},
   DOI={10.1088/0004-637x/759/2/131},
   number={2},
   journal={The Astrophysical Journal},
   publisher={IOP Publishing},
   author={Bovy, Jo and Allende Prieto, Carlos and Beers, Timothy C. and Bizyaev, Dmitry and da Costa, Luiz N. and Cunha, Katia and Ebelke, Garrett L. and Eisenstein, Daniel J. and Frinchaboy, Peter M. and García Pérez, Ana Elia and et al.},
   year={2012},
   month={Oct},
   pages={131}
}

%% Local speed
@article{canonical_speed,
       author = {{Kerr}, F.~J. and {Lynden-Bell}, D.},
        title = "{Review of galactic constants.}",
      journal = {\mnras},
     keywords = {Astrophysics, Constants, Milky Way Galaxy, Galactic Rotation, Mass Distribution, Oort Cloud, Radial Velocity, Stellar Motions, Sun, Variable Stars, Astrophysics},
         year = "1986",
        month = "Aug",
       volume = {221},
        pages = {1023-1038},
          doi = {10.1093/mnras/221.4.1023},
       adsurl = {https://ui.adsabs.harvard.edu/abs/1986MNRAS.221.1023K},
      adsnote = {Provided by the SAO/NASA Astrophysics Data System}
}

%% Escape velocity
@article{Smith_2007,
   title={The RAVE survey: constraining the local Galactic escape speed},
   volume={379},
   ISSN={1365-2966},
   url={http://dx.doi.org/10.1111/j.1365-2966.2007.11964.x},
   DOI={10.1111/j.1365-2966.2007.11964.x},
   number={2},
   journal={Monthly Notices of the Royal Astronomical Society},
   publisher={Oxford University Press (OUP)},
   author={Smith, M. C. and Ruchti, G. R. and Helmi, A. and Wyse, R. F. G. and Fulbright, J. P. and Freeman, K. C. and Navarro, J. F. and Seabroke, G. M. and Steinmetz, M. and Williams, M. and et al.},
   year={2007},
   month={Aug},
   pages={755–772}
}

%% Local steller kinematics
@article{Dehnen_1998,
   title={Local stellar kinematics from Hipparcos data},
   volume={298},
   ISSN={1365-2966},
   url={http://dx.doi.org/10.1046/j.1365-8711.1998.01600.x},
   DOI={10.1046/j.1365-8711.1998.01600.x},
   number={2},
   journal={Monthly Notices of the Royal Astronomical Society},
   publisher={Oxford University Press (OUP)},
   author={Dehnen, W. and Binney, J. J.},
   year={1998},
   month={Aug},
   pages={387–394}
}

%% Dark matter detection
@article{Detectability_of_dm,
  title = {Detectability of certain dark-matter candidates},
  author = {Goodman, Mark W. and Witten, Edward},
  journal = {Phys. Rev. D},
  volume = {31},
  issue = {12},
  pages = {3059--3063},
  numpages = {0},
  year = {1985},
  month = {Jun},
  publisher = {American Physical Society},
  doi = {10.1103/PhysRevD.31.3059},
  url = {https://link.aps.org/doi/10.1103/PhysRevD.31.3059}
}

%% Nuclear form factors for WIMPs
@article{nuclear_form_wimp,
      author         = "Engel, J.",
      title          = "{Nuclear form-factors for the scattering of weakly
                        interacting massive particles}",
      journal        = "Phys. Lett.",
      volume         = "B264",
      year           = "1991",
      pages          = "114-119",
      doi            = "10.1016/0370-2693(91)90712-Y",
      SLACcitation   = "%%CITATION = PHLTA,B264,114;%%"
}

%% Direct detection

%% DM rates in detectors
@article{Baudis_2012,
   title={Direct dark matter detection: The next decade},
   volume={1},
   ISSN={2212-6864},
   url={http://dx.doi.org/10.1016/j.dark.2012.10.006},
   DOI={10.1016/j.dark.2012.10.006},
   number={1-2},
   journal={Physics of the Dark Universe},
   publisher={Elsevier BV},
   author={Baudis, Laura},
   year={2012},
   month={Nov},
   pages={94–108}
}

%% ZEPLIN-I Experiment
@article{zeplin_1,
title = "First limits on nuclear recoil events from the ZEPLIN I galactic dark matter detector",
journal = "Astroparticle Physics",
volume = "23",
number = "5",
pages = "444 - 462",
year = "2005",
issn = "0927-6505",
doi = "https://doi.org/10.1016/j.astropartphys.2005.02.004",
url = "http://www.sciencedirect.com/science/article/pii/S0927650505000289",
author = "G.J. Alner and H. Araujo and G.J. Arnison and J.C. Barton and A. Bewick and C. Bungau and B. Camanzi and M.J. Carson and D. Davidge and  J.V.Dawson and G.J. Davies and J.C. Davies and T. Durkin and T. Gamble and S.P. Hart and R.J. Hollingworth and G.J. Homer and A.S. Howard and I. Ivaniouchenkov and W.G. Jones and M.K. Joshi and V.A. Kudryavtsev and T.B. Lawson and V. Lebedenko and J.D. Lewin and P.K. Lightfoot and I. Liubarsky and M.J. Lehner and R. Lüscher and J.E. McMillan and B. Morgan and A. Nicholls and G. Nicklin and S.M. Paling and R.M. Preece and J.W. Roberts and M. Robinson and J.J. Quenby and N.J.T. Smith and P.F. Smith and N.J.C. Spooner and T.J. Sumner and D.R. Tovey",
keywords = "Dark matter, WIMPs, Scintillation detectors, Liquid xenon, Pulse shape analysis",
}

%% XMASS Experiment
@article{xmass,
      author         = "Liu, Jing",
      title          = "{The XMASS experiment}",
      booktitle      = "{Proceedings, Workshop on Dark Matter, Neutrino Physics
                        and Astrophysics CETUP* 2013: 7th International Conference
                        on Interconnection between Particle Physics and Cosmology
                        (PPC 2013): Lead/Deadwood, South Dakota, USA, July, 8-13,
                        2013}",
      collaboration  = "XMASS",
      journal        = "AIP Conf. Proc.",
      volume         = "1604",
      year           = "2015",
      number         = "1",
      pages          = "397-401",
      doi            = "10.1063/1.4883456",
      SLACcitation   = "%%CITATION = APCPC,1604,397;%%"
}

%% DEAP Experiment
@article{deap,
   title={Measurement of the scintillation time spectra and pulse-shape discrimination of low-energy β and nuclear recoils in liquid argon with DEAP-1},
   volume={85},
   ISSN={0927-6505},
   url={http://dx.doi.org/10.1016/j.astropartphys.2016.09.002},
   DOI={10.1016/j.astropartphys.2016.09.002},
   journal={Astroparticle Physics},
   publisher={Elsevier BV},
   author={Amaudruz, P.-A. and Batygov, M. and Beltran, B. and Bonatt, J. and Boudjemline, K. and Boulay, M.G. and Broerman, B. and Bueno, J.F. and Butcher, A. and Cai, B. and et al.},
   year={2016},
   month={Dec},
   pages={1–23}
}

%% XENON-100
@article{xenon100,
      author         = "Aprile, E. and others",
      title          = "{Search for WIMP Inelastic Scattering off Xenon Nuclei
                        with XENON100}",
      collaboration  = "XENON",
      journal        = "Phys. Rev.",
      volume         = "D96",
      year           = "2017",
      number         = "2",
      pages          = "022008",
      doi            = "10.1103/PhysRevD.96.022008",
      eprint         = "1705.05830",
      archivePrefix  = "arXiv",
      primaryClass   = "hep-ex",
      SLACcitation   = "%%CITATION = ARXIV:1705.05830;%%"
}

%% ZEPLIN-II
@article{zeplin2,
title = "Status of the ZEPLIN II experiment",
journal = "New Astronomy Reviews",
volume = "49",
number = "2",
pages = "259 - 263",
year = "2005",
note = "Sources and Detection of Dark Matter and Dark Energy in the Universe",
issn = "1387-6473",
doi = "https://doi.org/10.1016/j.newar.2005.02.002",
url = "http://www.sciencedirect.com/science/article/pii/S1387647305000618",
author = "G.J. Alner and M. Atac and A. Bewick and C. Bungau and B. Camanzi and M.J. Carson and C. Ghag and Y. Chen and D.B. Cline and D. Davidge and J. Davis and E. Daw and J.V. Dawson and T.J. Durkin and T. Ferbel and T. Gamble and J. Gao and A.S. Howard and W.G. Jones and M.K. Joshi and V.A. Kudryavtsev and T.B. Lawson and V. Lebedenko and J.D. Lewin and P.K. Lightfoot and I. Liubarsky and R. Luscher and J.E. McMillan and B. Morgan and A.S. Murphy and S.M. Paling and R.M. Preece and J.J. Quenby and M. Robinson and U. Schroeder and F. Sergiampietri and W. Skulski and N.J.T. Smith and P. Smith and P.F. Smith and N.J.C. Spooner and T.J. Sumner and J. Toke and D.R. Tovey and R. Walker and H. Wang and J.T. White and F. Wolfs and X. Yang",
keywords = "Dark matter, WIMP, Two-phase, Xenon, Discriminating",
}

%% ZEPLIN-III 
@article{zeplin3,
   title={Results from the first science run of the ZEPLIN-III dark matter search experiment},
   volume={80},
   ISSN={1550-2368},
   url={http://dx.doi.org/10.1103/PhysRevD.80.052010},
   DOI={10.1103/physrevd.80.052010},
   number={5},
   journal={Physical Review D},
   publisher={American Physical Society (APS)},
   author={Lebedenko, V. N. and Araújo, H. M. and Barnes, E. J. and Bewick, A. and Cashmore, R. and Chepel, V. and Currie, A. and Davidge, D. and Dawson, J. and Durkin, T. and et al.},
   year={2009},
   month={Sep}
}

%% PANDA-X
@article{pandax,
   title={Dark matter direct search sensitivity of the PandaX-4T experiment},
   volume={62},
   ISSN={1869-1927},
   url={http://dx.doi.org/10.1007/s11433-018-9259-0},
   DOI={10.1007/s11433-018-9259-0},
   number={3},
   journal={Science China Physics, Mechanics & Astronomy},
   publisher={Springer Science and Business Media LLC},
   author={Zhang, HongGuang and Abdukerim, Abdusalam and Chen, Wei and Chen, Xun and Chen, YunHua and Cui, XiangYi and Dong, BinBin and Fang, DeQing and Fu, ChangBo and Giboni, Karl and et al.},
   year={2018},
   month={Aug}
}

%% DIRECT DETECTION GENERAL LIMITS
%% SuperCDMS – Light
@article{CDMS_2016,
  title = {New Results from the Search for Low-Mass Weakly Interacting Massive Particles with the CDMS Low Ionization Threshold Experiment},
  author = {Agnese, R. and Anderson, A. J. and Aramaki, T. and Asai, M. and Baker, W. and Balakishiyeva, D. and Barker, D. and Basu Thakur, R. and Bauer, D. A. and Billard, J. and Borgland, A. and Bowles, M. A. and Brink, P. L. and Bunker, R. and Cabrera, B. and Caldwell, D. O. and Calkins, R. and Cerdeno, D. G. and Chagani, H. and Chen, Y. and Cooley, J. and Cornell, B. and Cushman, P. and Daal, M. and Di Stefano, P. C. F. and Doughty, T. and Esteban, L. and Fallows, S. and Figueroa-Feliciano, E. and Ghaith, M. and Godfrey, G. L. and Golwala, S. R. and Hall, J. and Harris, H. R. and Hofer, T. and Holmgren, D. and Hsu, L. and Huber, M. E. and Jardin, D. and Jastram, A. and Kamaev, O. and Kara, B. and Kelsey, M. H. and Kennedy, A. and Leder, A. and Loer, B. and Lopez Asamar, E. and Lukens, P. and Mahapatra, R. and Mandic, V. and Mast, N. and Mirabolfathi, N. and Moffatt, R. A. and Morales Mendoza, J. D. and Oser, S. M. and Page, K. and Page, W. A. and Partridge, R. and Pepin, M. and Phipps, A. and Prasad, K. and Pyle, M. and Qiu, H. and Rau, W. and Redl, P. and Reisetter, A. and Ricci, Y. and Roberts, A. and Rogers, H. E. and Saab, T. and Sadoulet, B. and Sander, J. and Schneck, K. and Schnee, R. W. and Scorza, S. and Serfass, B. and Shank, B. and Speller, D. and Toback, D. and Underwood, R. and Upadhyayula, S. and Villano, A. N. and Welliver, B. and Wilson, J. S. and Wright, D. H. and Yellin, S. and Yen, J. J. and Young, B. A. and Zhang, J.},
  collaboration = {SuperCDMS Collaboration},
  journal = {Phys. Rev. Lett.},
  volume = {116},
  issue = {7},
  pages = {071301},
  numpages = {6},
  year = {2016},
  month = {Feb},
  publisher = {American Physical Society},
  doi = {10.1103/PhysRevLett.116.071301},
  url = {https://link.aps.org/doi/10.1103/PhysRevLett.116.071301}
}

%% SuperCDMS
@article{CDMS_2018,
  title = {Results from the Super Cryogenic Dark Matter Search Experiment at Soudan},
  author = {Agnese, R. and Aramaki, T. and Arnquist, I. J. and Baker, W. and Balakishiyeva, D. and Banik, S. and Barker, D. and Basu Thakur, R. and Bauer},
  collaboration = {SuperCDMS Collaboration},
  journal = {Phys. Rev. Lett.},
  volume = {120},
  issue = {6},
  pages = {061802},
  numpages = {7},
  year = {2018},
  month = {Feb},
  publisher = {American Physical Society},
  doi = {10.1103/PhysRevLett.120.061802},
  url = {https://link.aps.org/doi/10.1103/PhysRevLett.120.061802}
}

%% DarkSide-50 Low Mass
@article{darkside_50_lm,
  title = {Low-Mass Dark Matter Search with the DarkSide-50 Experiment},
  author = {Agnes, P. and Albuquerque, I. F. M. and Alexander, T. and Alton, A. K. and Araujo, G. R. and Asner, D. M. and Ave, M. and Back, H. O. and Baldin, B. and Batignani},
  collaboration = {DarkSide Collaboration},
  journal = {Phys. Rev. Lett.},
  volume = {121},
  issue = {8},
  pages = {081307},
  numpages = {8},
  year = {2018},
  month = {Aug},
  publisher = {American Physical Society},
  doi = {10.1103/PhysRevLett.121.081307},
  url = {https://link.aps.org/doi/10.1103/PhysRevLett.121.081307}
}

%% LUX Extended Low Mass
@misc{lux_extended,
    title={Extending light WIMP searches to single scintillation photons in LUX},
    author={D. S. Akerib and S. Alsum and H. M. Araújo and X. Bai and A. J. Bailey and J. Balajthy and A. Baxter and P. Beltrame and E. P. Bernard},
    year={2019},
    eprint={1907.06272},
    archivePrefix={arXiv},
    primaryClass={astro-ph.CO}
}

%% DarkSide_50
@article{darkside_50,
      author         = "Agnes, P. and others",
      title          = "{DarkSide-50 532-day Dark Matter Search with
                        Low-Radioactivity Argon}",
      collaboration  = "DarkSide",
      journal        = "Phys. Rev.",
      volume         = "D98",
      year           = "2018",
      number         = "10",
      pages          = "102006",
      doi            = "10.1103/PhysRevD.98.102006",
      eprint         = "1802.07198",
      archivePrefix  = "arXiv",
      primaryClass   = "astro-ph.CO",
      reportNumber   = "FERMILAB-PUB-18-053-AD-AE-CD-E",
      SLACcitation   = "%%CITATION = ARXIV:1802.07198;%%"
}

%% DEAP-3600 Result
@article{DEAP_3600,
   title={Search for dark matter with a 231-day exposure of liquid argon using DEAP-3600 at SNOLAB},
   volume={100},
   ISSN={2470-0029},
   url={http://dx.doi.org/10.1103/PhysRevD.100.022004},
   DOI={10.1103/physrevd.100.022004},
   number={2},
   journal={Physical Review D},
   publisher={American Physical Society (APS)},
   author={Ajaj, R. and Amaudruz, P.-A. and Araujo, G. R. and Baldwin, M. and Batygov, M. and Beltran, B. and Bina, C. E. and Bonatt, J. and Boulay, M. G. and Broerman, B. and et al.},
   year={2019},
   month={Jul}
}

%% LUX Complete results 
@article{lux_full,
      author         = "Akerib, D. S. and others",
      title          = "{Results from a search for dark matter in the complete
                        LUX exposure}",
      collaboration  = "LUX",
      journal        = "Phys. Rev. Lett.",
      volume         = "118",
      year           = "2017",
      number         = "2",
      pages          = "021303",
      doi            = "10.1103/PhysRevLett.118.021303",
      eprint         = "1608.07648",
      archivePrefix  = "arXiv",
      primaryClass   = "astro-ph.CO",
      SLACcitation   = "%%CITATION = ARXIV:1608.07648;%%"
}

%% Xenon-1T
@article{xenon_1t,
   title={Dark Matter Search Results from a One Ton-Year Exposure of XENON1T},
   volume={121},
   ISSN={1079-7114},
   url={http://dx.doi.org/10.1103/PhysRevLett.121.111302},
   DOI={10.1103/physrevlett.121.111302},
   number={11},
   journal={Physical Review Letters},
   publisher={American Physical Society (APS)},
   author={Aprile, E. and Aalbers, J. and Agostini, F. and Alfonsi, M. and Althueser, L. and Amaro, F. D. and Anthony, M. and Arneodo, F. and Baudis, L. and Bauermeister, B. and et al.},
   year={2018},
   month={Sep}
}

%% PandaX limits
@article{pandax_limit,
   title={Dark Matter Results from 54-Ton-Day Exposure of PandaX-II Experiment},
   volume={119},
   ISSN={1079-7114},
   url={http://dx.doi.org/10.1103/PhysRevLett.119.181302},
   DOI={10.1103/physrevlett.119.181302},
   number={18},
   journal={Physical Review Letters},
   publisher={American Physical Society (APS)},
   author={Cui, Xiangyi and Abdukerim, Abdusalam and Chen, Wei and Chen, Xun and Chen, Yunhua and Dong, Binbin and Fang, Deqing and Fu, Changbo and Giboni, Karl and Giuliani, Franco and et al.},
   year={2017},
   month={Oct}
}


%% Likelihood analysis of pMSSM11
@article{pMSSM11,
   title={Likelihood analysis of the pMSSM11 in light of LHC 13-TeV data},
   volume={78},
   ISSN={1434-6052},
   url={http://dx.doi.org/10.1140/epjc/s10052-018-5697-0},
   DOI={10.1140/epjc/s10052-018-5697-0},
   number={3},
   journal={The European Physical Journal C},
   publisher={Springer Science and Business Media LLC},
   author={Bagnaschi, E. and Sakurai, K. and Borsato, M. and Buchmueller, O. and Citron, M. and Costa, J. C. and De Roeck, A. and Dolan, M. J. and Ellis, J. R. and Flächer, H. and et al.},
   year={2018},
   month={Mar}
}

%% Neutrino floor – Billard
@article{neutrino_floor,
   title={Complementarity of dark matter detectors in light of the neutrino background},
   volume={90},
   ISSN={1550-2368},
   url={http://dx.doi.org/10.1103/PhysRevD.90.083510},
   DOI={10.1103/physrevd.90.083510},
   number={8},
   journal={Physical Review D},
   publisher={American Physical Society (APS)},
   author={Ruppin, F. and Billard, J. and Figueroa-Feliciano, E. and Strigari, L.},
   year={2014},
   month={Oct}
}

%% DAMA/LIBRA
@article{dama_libra,
      author         = "Bernabei, R. and others",
      title          = "{First results from DAMA/LIBRA and the combined results
                        with DAMA/NaI}",
      collaboration  = "DAMA",
      journal        = "Eur. Phys. J.",
      volume         = "C56",
      year           = "2008",
      pages          = "333-355",
      doi            = "10.1140/epjc/s10052-008-0662-y",
      eprint         = "0804.2741",
      archivePrefix  = "arXiv",
      primaryClass   = "astro-ph",
      reportNumber   = "ROM2F-2008-07",
      SLACcitation   = "%%CITATION = ARXIV:0804.2741;%%"
}

%% DAMA/LIBRA new reasults
@article{dama_libra_new ,
      author         = "Bernabei, R. and others",
      title          = "{New results from DAMA/LIBRA}",
      collaboration  = "DAMA, LIBRA",
      journal        = "Eur. Phys. J.",
      volume         = "C67",
      year           = "2010",
      pages          = "39-49",
      doi            = "10.1140/epjc/s10052-010-1303-9",
      eprint         = "1002.1028",
      archivePrefix  = "arXiv",
      primaryClass   = "astro-ph.GA",
      SLACcitation   = "%%CITATION = ARXIV:1002.1028;%%"
}

%% COSINE-100
@article{cosine_100,
      author         = "Adhikari, G. and others",
      title          = "{Search for a Dark Matter-Induced Annual Modulation
                        Signal in NaI(Tl) with the COSINE-100 Experiment}",
      collaboration  = "COSINE-100",
      journal        = "Phys. Rev. Lett.",
      volume         = "123",
      year           = "2019",
      number         = "3",
      pages          = "031302",
      doi            = "10.1103/PhysRevLett.123.031302",
      eprint         = "1903.10098",
      archivePrefix  = "arXiv",
      primaryClass   = "astro-ph.IM",
      SLACcitation   = "%%CITATION = ARXIV:1903.10098;%%"
}

%% SABRE Experiment
@misc{sabre,
    title={Dark matter search with the SABRE experiment},
    author={Paolo Montini},
    year={2018},
    eprint={1807.08073},
    archivePrefix={arXiv},
    primaryClass={physics.ins-det}
}

%% EDELWEISS Experiment
@article{edelweiss,
      author         = "Armengaud, E. and others",
      title          = "{Performance of the EDELWEISS-III experiment for direct
                        dark matter searches}",
      collaboration  = "EDELWEISS",
      journal        = "JINST",
      volume         = "12",
      year           = "2017",
      number         = "08",
      pages          = "P08010",
      doi            = "10.1088/1748-0221/12/08/P08010",
      eprint         = "1706.01070",
      archivePrefix  = "arXiv",
      primaryClass   = "physics.ins-det",
      SLACcitation   = "%%CITATION = ARXIV:1706.01070;%%"
}

%% CDMS
@article{cdms,
      author         = "Mirabolfathi, N. and others",
      title          = "{The Cryogenic Dark Matter Search (CDMS) experiment:
                        Results, status and perspective}",
      booktitle      = "{Proceedings, 13th International Workshop on Low
                        Temperature Detectors (LTD13): Stanford, California, July
                        20-24, 2009}",
      journal        = "AIP Conf. Proc.",
      volume         = "1185",
      year           = "2009",
      number         = "1",
      pages          = "623",
      doi            = "10.1063/1.3292418",
      SLACcitation   = "%%CITATION = APCPC,1185,623;%%"
}

%% CRESST
@article{cresst,
      author         = "Schieck, J. and others",
      title          = "{Direct Dark Matter Search with the CRESST II
                        Experiment}",
      booktitle      = "{Proceedings, 38th International Conference on High
                        Energy Physics (ICHEP 2016): Chicago, IL, USA, August
                        3-10, 2016}",
      journal        = "PoS",
      volume         = "ICHEP2016",
      year           = "2016",
      pages          = "217",
      doi            = "10.22323/1.282.0217",
      eprint         = "1611.02113",
      archivePrefix  = "arXiv",
      primaryClass   = "astro-ph.CO",
      SLACcitation   = "%%CITATION = ARXIV:1611.02113;%%"
}

%% Low-mass searches with CRESST-3
@article{cresst_3,
      author         = "Abdelhameed, A. H. and others",
      title          = "{First results from the CRESST-III low-mass dark matter
                        program}",
      collaboration  = "CRESST",
      journal        = "Phys. Rev.",
      volume         = "D100",
      year           = "2019",
      number         = "10",
      pages          = "102002",
      doi            = "10.1103/PhysRevD.100.102002",
      eprint         = "1904.00498",
      archivePrefix  = "arXiv",
      primaryClass   = "astro-ph.CO",
      SLACcitation   = "%%CITATION = ARXIV:1904.00498;%%"
}

%%---------------------%%
%%----- CHAPTER 2 -----%%
%%---------------------%%


%% SECTION 2.1 Dual-Phase Xenon TPCs

%% Overview of TPC technology 
@article{tpc_technology,
title = "Detection of energy deposition down to the keV region using liquid xenon scintillation",
journal = "Nuclear Instruments and Methods in Physics Research Section A: Accelerators, Spectrometers, Detectors and Associated Equipment",
volume = "327",
number = "1",
pages = "203 - 206",
year = "1993",
issn = "0168-9002",
doi = "https://doi.org/10.1016/0168-9002(93)91442-P",
url = "http://www.sciencedirect.com/science/article/pii/016890029391442P",
author = "P. Benetti and E. Calligarich and R. Dolfini and A. Gigli Berzolari and F. Mauri and L. Mazzone and C. Montanari and A. Piazzoli and A. Rappoldi and G.L. Raselli and D. Scannicchio and A. Bettini and F. Casagrande and P. Casoli and S. Centro and B. Dainese and C. De Vecchi and F. Gasparini and G. Muratori and A. Pepato and F. Pietropaolo and P. Rossi and S. Suzuki and S. Ventura and C. Castagnoli and G. Mannocchi and L. Periale and F. Cavanna and G. Piano Mortari and P. Cennini and S. Cittolin and C. Rubbia and M. Cheng and D. Cline and S. Otwinowski and M. Zhou and L. Fortson and P. Picchi and H. Wang",
abstract = "A possible method for WIMPs detection using liquid xenon scintillation is discussed [1]. Background from cosmic and radioactive gamma rays at energies down to the keV region can be easily rejected by requiring the presence of proportional scintillation. The results from a basic test are presented and a prototype detector design is proposed."
}

%% SECTION 2.2 

%% Platzman Equation
@article{Platzman,
  title = {Liquid xenon detectors for particle physics and astrophysics},
  author = {Aprile, E. and Doke, T.},
  journal = {Rev. Mod. Phys.},
  volume = {82},
  issue = {3},
  pages = {2053--2097},
  numpages = {0},
  year = {2010},
  month = {Jul},
  publisher = {American Physical Society},
  doi = {10.1103/RevModPhys.82.2053},
  url = {https://link.aps.org/doi/10.1103/RevModPhys.82.2053}
}

%% W-value
@article{PhysRevA.48.1313,
  title = {W value in liquid krypton},
  author = {Aprile, E. and Bolotnikov, A. and Chen, D. and Mukherjee, R.},
  journal = {Phys. Rev. A},
  volume = {48},
  issue = {2},
  pages = {1313--1318},
  numpages = {0},
  year = {1993},
  month = {Aug},
  publisher = {American Physical Society},
  doi = {10.1103/PhysRevA.48.1313},
  url = {https://link.aps.org/doi/10.1103/PhysRevA.48.1313}
}


%% Xenon physics (Henrique and Vitaly)
@article{xenon_physics,
      author         = "Chepel, V. and Araujo, H.",
      title          = "{Liquid noble gas detectors for low energy particle
                        physics}",
      journal        = "JINST",
      volume         = "8",
      year           = "2013",
      pages          = "R04001",
      doi            = "10.1088/1748-0221/8/04/R04001",
      eprint         = "1207.2292",
      archivePrefix  = "arXiv",
      primaryClass   = "physics.ins-det",
      SLACcitation   = "%%CITATION = ARXIV:1207.2292;%%"
}

%% Xenon VUV photons
@article{FUJII2015293,
title = "High-accuracy measurement of the emission spectrum of liquid xenon in the vacuum ultraviolet region",
journal = "Nuclear Instruments and Methods in Physics Research Section A: Accelerators, Spectrometers, Detectors and Associated Equipment",
volume = "795",
pages = "293 - 297",
year = "2015",
issn = "0168-9002",
doi = "https://doi.org/10.1016/j.nima.2015.05.065",
url = "http://www.sciencedirect.com/science/article/pii/S016890021500724X",
author = "Keiko Fujii and Yuya Endo and Yui Torigoe and Shogo Nakamura and Tomiyoshi Haruyama and Katsuyu Kasami and Satoshi Mihara and Kiwamu Saito and Shinichi Sasaki and Hiroko Tawara",
}

%% Bi-excitonic Quenching
@article{bi_excitonic,
  title = {Effect of ionization density on the time dependence of luminescence from liquid argon and xenon},
  author = {Hitachi, Akira and Takahashi, Tan and Funayama, Nobutaka and Masuda, Kimiaki and Kikuchi, Jun and Doke, Tadayoshi},
  journal = {Phys. Rev. B},
  volume = {27},
  issue = {9},
  pages = {5279--5285},
  numpages = {0},
  year = {1983},
  month = {May},
  publisher = {American Physical Society},
  doi = {10.1103/PhysRevB.27.5279},
  url = {https://link.aps.org/doi/10.1103/PhysRevB.27.5279}
}

%% Dahl Thesis
@phdthesis{Dahl,
      author         = "Dahl, Carl Eric",
      title          = "{The physics of background discrimination in liquid
                        xenon, and first results from Xenon10 in the hunt for WIMP
                        dark matter}",
      school         = "Princeton U.",
      year           = "2009",
      url            = "https://www.princeton.edu/physics/graduate-program/theses/theses-from-2009/E.Dahlthesis.pdf",
      reportNumber   = "AAT-3364532",
      SLACcitation   = "%%CITATION = AAT-3364532;%%"
}

%% Electron drift
@article{e_drift,
  title = {Charge Transport in Solid and Liquid Ar, Kr, and Xe},
  author = {Miller, L. S. and Howe, S. and Spear, W. E.},
  journal = {Phys. Rev.},
  volume = {166},
  issue = {3},
  pages = {871--878},
  numpages = {0},
  year = {1968},
  month = {Feb},
  publisher = {American Physical Society},
  doi = {10.1103/PhysRev.166.871},
  url = {https://link.aps.org/doi/10.1103/PhysRev.166.871}
}

%% Lindhard theory
@article{Lindhard,
  title = {RANGE CONCEPTS AND HEAVY ION RANGES (NOTES ON ATOMIC COLLISIONS, II)},
  author = {Lindhard, J. and Scharff, M. and Schioett, H.E.},
  abstractNote = {},
  doi = {},
  journal = {Kgl. Danske Videnskab. Selskab. Mat. Fys. Medd.},
  number = ,
  volume = Vol: 33: No. 14,
  place = {Country unknown/Code not available},
  year = {1963},
  month = {1}
}

%% LUX Tritium
@article{lux_tritium,
   title={Tritium calibration of the LUX dark matter experiment},
   volume={93},
   ISSN={2470-0029},
   url={http://dx.doi.org/10.1103/PhysRevD.93.072009},
   DOI={10.1103/physrevd.93.072009},
   number={7},
   journal={Physical Review D},
   publisher={American Physical Society (APS)},
   author={Akerib, D. S. and Araújo, H. M. and Bai, X. and Bailey, A. J. and Balajthy, J. and Beltrame, P. and Bernard, E. P. and Bernstein, A. and Biesiadzinski, T. P. and Boulton, E. M. and et al.},
   year={2016},
   month={Apr}
}

%% LUX ultra-low energy calibration
@article{lux_low_energy_cal,
      author         = "Akerib, D. S. and others",
      title          = "{Ultralow energy calibration of LUX detector using
                        $^{127}$Xe electron capture}",
      collaboration  = "LUX",
      journal        = "Phys. Rev.",
      volume         = "D96",
      year           = "2017",
      number         = "11",
      pages          = "112011",
      doi            = "10.1103/PhysRevD.96.112011",
      eprint         = "1709.00800",
      archivePrefix  = "arXiv",
      primaryClass   = "physics.ins-det",
      SLACcitation   = "%%CITATION = ARXIV:1709.00800;%%"
}

%% PIXeY measurements
@article{PIXeY,
      author         = "Boulton, E. M. and others",
      title          = "{Calibration of a two-phase xenon time projection chamber
                        with a $^{37}$Ar source}",
      journal        = "JINST",
      volume         = "12",
      year           = "2017",
      number         = "08",
      pages          = "P08004",
      doi            = "10.1088/1748-0221/12/08/P08004",
      eprint         = "1705.08958",
      archivePrefix  = "arXiv",
      primaryClass   = "physics.ins-det",
      SLACcitation   = "%%CITATION = ARXIV:1705.08958;%%"
}

%% Ibles Thesis
@phdthesis{ibles,
      author         = "Ibles Olcina Samblas",
      title          = "{A statistical framework for the characterisation of WIMP dark matter with the LUX-ZEPLIN experiment}",
      school         = "Imperial College London",
      year           = "2019",
      url            ="",
}

%% NEST Paper 1
@article{Szydagis_2011,
   title={NEST: a comprehensive model for scintillation yield in liquid xenon},
   volume={6},
   ISSN={1748-0221},
   url={http://dx.doi.org/10.1088/1748-0221/6/10/P10002},
   DOI={10.1088/1748-0221/6/10/p10002},
   number={10},
   journal={Journal of Instrumentation},
   publisher={IOP Publishing},
   author={Szydagis, M and Barry, N and Kazkaz, K and Mock, J and Stolp, D and Sweany, M and Tripathi, M and Uvarov, S and Walsh, N and Woods, M},
   year={2011},
   month={Oct},
   pages={P10002–P10002}
}

%% NEST Paper 2
@article{Mock_2014,
   title={Modeling pulse characteristics in Xenon with NEST},
   volume={9},
   ISSN={1748-0221},
   url={http://dx.doi.org/10.1088/1748-0221/9/04/T04002},
   DOI={10.1088/1748-0221/9/04/t04002},
   number={04},
   journal={Journal of Instrumentation},
   publisher={IOP Publishing},
   author={Mock, J and Barry, N and Kazkaz, K and Stolp, D and Szydagis, M and Tripathi, M and Uvarov, S and Woods, M and Walsh, N},
   year={2014},
   month={Apr},
   pages={T04002–T04002}
}

%% Geant4
@article{Geant4,
      author         = "Agostinelli, S. and others",
      title          = "{GEANT4: A Simulation toolkit}",
      collaboration  = "GEANT4",
      journal        = "Nucl. Instrum. Meth.",
      volume         = "A506",
      year           = "2003",
      pages          = "250-303",
      doi            = "10.1016/S0168-9002(03)01368-8",
      reportNumber   = "SLAC-PUB-9350, FERMILAB-PUB-03-339",
      SLACcitation   = "%%CITATION = NUIMA,A506,250;%%"
}

%% NEST v.2
@misc{nest_v2,
      author         = "J. Brodsky and others",
      title          = "Noble Element Simulation Technique (Code)",
      howpublished   = "\url{https://github.com/NESTCollaboration/nest}",
}

%% Signal yields in LUX
@article{lux_signal_yields,
   title={Signal yields, energy resolution, and recombination fluctuations in liquid xenon},
   volume={95},
   ISSN={2470-0029},
   url={http://dx.doi.org/10.1103/PhysRevD.95.012008},
   DOI={10.1103/physrevd.95.012008},
   number={1},
   journal={Physical Review D},
   publisher={American Physical Society (APS)},
   author={Akerib, D. S. and Alsum, S. and Araújo, H. M. and Bai, X. and Bailey, A. J. and Balajthy, J. and Beltrame, P. and Bernard, E. P. and Bernstein, A. and Biesiadzinski, T. P. and et al.},
   year={2017},
   month={Jan}
}

%% SECTION 2.3 The LUX-ZEPLIN Experiment

%% LUX Experiment
@article{LUX_experiment,
   title={The Large Underground Xenon (LUX) experiment},
   volume={704},
   ISSN={0168-9002},
   url={http://dx.doi.org/10.1016/j.nima.2012.11.135},
   DOI={10.1016/j.nima.2012.11.135},
   journal={Nuclear Instruments and Methods in Physics Research Section A: Accelerators, Spectrometers, Detectors and Associated Equipment},
   publisher={Elsevier BV},
   author={Akerib, D.S. and Bai, X. and Bedikian, S. and Bernard, E. and Bernstein, A. and Bolozdynya, A. and Bradley, A. and Byram, D. and Cahn, S.B. and Camp, C. and et al.},
   year={2013},
   month={Mar},
   pages={111–126}
}

%% LZ Titanium
@article{LZ_titanium_selection,
   title={Identification of radiopure titanium for the LZ dark matter experiment and future rare event searches},
   volume={96},
   ISSN={0927-6505},
   url={http://dx.doi.org/10.1016/j.astropartphys.2017.09.002},
   DOI={10.1016/j.astropartphys.2017.09.002},
   journal={Astroparticle Physics},
   publisher={Elsevier BV},
   author={Akerib, D.S. and Akerlof, C.W. and Akimov, D.Yu. and Alsum, S.K. and Araújo, H.M. and Arnquist, I.J. and Arthurs, M. and Bai, X. and Bailey, A.J. and Balajthy, J. and et al.},
   year={2017},
   month={Nov},
   pages={1–10}
}

%% PTFE Reflectivity
@article{Neves_2017,
   title={Measurement of the absolute reflectance of polytetrafluoroethylene (PTFE) immersed in liquid xenon},
   volume={12},
   ISSN={1748-0221},
   url={http://dx.doi.org/10.1088/1748-0221/12/01/P01017},
   DOI={10.1088/1748-0221/12/01/p01017},
   number={01},
   journal={Journal of Instrumentation},
   publisher={IOP Publishing},
   author={Neves, F. and Lindote, A. and Morozov, A. and Solovov, V. and Silva, C. and Bras, P. and Rodrigues, J.P. and Lopes, M.I.},
   year={2017},
   month={Jan},
   pages={P01017–P01017}
}

%% Gadolinium-loaded liquid scintillator technology
@article{YEH2007329,
title = "Gadolinium-loaded liquid scintillator for high-precision measurements of antineutrino oscillations and the mixing angle, θ13",
journal = "Nuclear Instruments and Methods in Physics Research Section A: Accelerators, Spectrometers, Detectors and Associated Equipment",
volume = "578",
number = "1",
pages = "329 - 339",
year = "2007",
issn = "0168-9002",
doi = "https://doi.org/10.1016/j.nima.2007.03.029",
url = "http://www.sciencedirect.com/science/article/pii/S0168900207006511",
author = "M. Yeh and A. Garnov and R.L. Hahn",
}

%% LZ Sensitivity Paper
@article{akerib2018projected,
      author         = "Akerib, D. S. and others",
      title          = "{Projected WIMP Sensitivity of the LUX-ZEPLIN (LZ) Dark
                        Matter Experiment}",
      collaboration  = "LUX-ZEPLIN",
      year           = "2018",
      eprint         = "1802.06039",
      archivePrefix  = "arXiv",
      primaryClass   = "astro-ph.IM",
      reportNumber   = "FERMILAB-PUB-18-054-AE-PPD",
      SLACcitation   = "%%CITATION = ARXIV:1802.06039;%%"
}

%% DD neutron gun with LUX
@article{lux_dd,
      author         = "Akerib, D. S. and others",
      title          = "{Low-energy (0.7-74 keV) nuclear recoil calibration of
                        the LUX dark matter experiment using D-D neutron
                        scattering kinematics}",
      collaboration  = "LUX",
      year           = "2016",
      eprint         = "1608.05381",
      archivePrefix  = "arXiv",
      primaryClass   = "physics.ins-det",
      SLACcitation   = "%%CITATION = ARXIV:1608.05381;%%"
}


%%---------------------%%
%%----- CHAPTER 3 -----%%
%%---------------------%%

%% SECTION 3.1 %%

%% Radon plate-out
@article{Bruemmer_2015,
   title={Studies on the reduction of radon plate-out},
   url={http://dx.doi.org/10.1063/1.4928021},
   DOI={10.1063/1.4928021},
   publisher={AIP Publishing LLC},
   author={Bruemmer, M. and Nakib, M. and Calkins, R. and Cooley, J. and Sekula, S.},
   year={2015}
}

%% Radon daughter plate-out measurements at SNOLAB
@article{Stein_2018,
   title={Radon daughter plate-out measurements at SNOLAB for polyethylene and copper},
   volume={880},
   ISSN={0168-9002},
   url={http://dx.doi.org/10.1016/j.nima.2017.10.054},
   DOI={10.1016/j.nima.2017.10.054},
   journal={Nuclear Instruments and Methods in Physics Research Section A: Accelerators, Spectrometers, Detectors and Associated Equipment},
   publisher={Elsevier BV},
   author={Stein, Matthew and Bauer, Dan and Bunker, Ray and Calkins, Rob and Cooley, Jodi and Loer, Ben and Scorza, Silvia},
   year={2018},
   month={Feb},
   pages={92–97}
}

%% LZ TDR
@article{lz_tdr,
      author         = "Mount, B. J. and others",
      title          = "{LUX-ZEPLIN (LZ) Technical Design Report}",
      year           = "2017",
      eprint         = "1703.09144",
      archivePrefix  = "arXiv",
      primaryClass   = "physics.ins-det",
      reportNumber   = "LBNL-1007256, FERMILAB-TM-2653-AE-E-PPD",
      SLACcitation   = "%%CITATION = ARXIV:1703.09144;%%"
}

%% Radiogenic and Muon-Induced Backgrounds in the LUX
@article{radiogenic_muon_lux,
      author         = "Akerib, D. S. and others",
      title          = "{Radiogenic and Muon-Induced Backgrounds in the LUX Dark Matter Detector}",
      journal        = "Astropart. Phys.",
      volume         = "62",
      year           = "2015",
      pages          = "33-46",
      doi            = "10.1016/j.astropartphys.2014.07.009",
      eprint         = "1403.1299",
      archivePrefix  = "arXiv",
      primaryClass   = "astro-ph.IM",
      SLACcitation   = "%%CITATION = ARXIV:1403.1299;%%"
}

%% Cosmic ray flux at SURF
@article{surf_muon_flux,
      author         = "Gray, F. E. and Ruybal, C. and Totushek, J. and Mei, D.
                        -M. and Thomas, K. and Zhang, C.",
      title          = "{Cosmic Ray Muon Flux at the Sanford Underground
                        Laboratory at Homestake}",
      journal        = "Nucl. Instrum. Meth.",
      volume         = "A638",
      year           = "2011",
      pages          = "63-66",
      doi            = "10.1016/j.nima.2011.02.032",
      eprint         = "1007.1921",
      archivePrefix  = "arXiv",
      primaryClass   = "nucl-ex",
      SLACcitation   = "%%CITATION = ARXIV:1007.1921;%%"
}

%% Muon flux — Davis
@article{muon_davis,
      author         = "Mei, Dongming and Hime, A.",
      title          = "{Muon-induced background study for underground
                        laboratories}",
      journal        = "Phys. Rev.",
      volume         = "D73",
      year           = "2006",
      pages          = "053004",
      doi            = "10.1103/PhysRevD.73.053004",
      eprint         = "astro-ph/0512125",
      archivePrefix  = "arXiv",
      primaryClass   = "astro-ph",
      reportNumber   = "LA-UP-05-3704",
      SLACcitation   = "%%CITATION = ASTRO-PH/0512125;%%"
}

%% Radioactive backgrounds in cryogenic experiments
@article{TOMASELLO201070,
    title = "Radioactive background in a cryogenic dark matter experiment",
    journal = "Astroparticle Physics",
    volume = "34",
    number = "2",
    pages = "70 - 79",
    year = "2010",
    issn = "0927-6505",
    doi = "https://doi.org/10.1016/j.astropartphys.2010.05.005",
    url = "http://www.sciencedirect.com/science/article/pii/S0927650510001015",
    author = "V. Tomasello and M. Robinson and V.A. Kudryavtsev",
    keywords = "Radioactivity, Neutron background, Gamma-ray background, Dark matter, WIMPs, Monte Carlo simulations",
}

%% SECTION 3.2 %%

%% BUGs (Boulby)
@article{bugs_boulby,
      author         = "Scovell, P. R. and others",
      title          = "{Low Background Gamma Spectroscopy at the Boulby
                        Underground Laboratory}",
      journal        = "Astropart. Phys.",
      volume         = "97",
      year           = "2018",
      pages          = "160-173",
      doi            = "10.1016/j.astropartphys.2017.11.006",
      eprint         = "1708.06086",
      archivePrefix  = "arXiv",
      primaryClass   = "physics.ins-det",
      SLACcitation   = "%%CITATION = ARXIV:1708.06086;%%"
}

%% ICP-MS (Jim)
@article{icpms_ucl,
      author         = "Dobson, J. and Ghag, C. and Manenti, L.",
      title          = "{Ultra-low background mass spectrometry for rare-event
                        searches}",
      journal        = "Nucl. Instrum. Meth.",
      volume         = "A879",
      year           = "2018",
      pages          = "25-30",
      doi            = "10.1016/j.nima.2017.10.014",
      eprint         = "1708.08860",
      archivePrefix  = "arXiv",
      primaryClass   = "physics.ins-det",
      SLACcitation   = "%%CITATION = ARXIV:1708.08860;%%"
}

%% Practical Gamma-ray Spectroscopy
@book{gilmore2011practical,
  title={Practical Gamma-ray Spectroscopy},
  author={Gilmore, G.},
  isbn={9781119964698},
  url={https://books.google.co.uk/books?id=S0Dy4hjkmmMC},
  year={2011},
  publisher={Wiley}
}

%% ZEPLIN--II & ZEPLIN--III experients
%***[11]
@article{Alner:2007ja,
      author         = "Alner, G. J. and others",
      title          = "{First limits on WIMP nuclear recoil signals in ZEPLIN-II: A two phase xenon detector for dark matter detection}",
      journal        = "{Astropart. Phys.}",
      volume         = "{28}",
      year           = "{2007}",
      pages          = "{287-302}",
      doi            = "{10.1016/j.astropartphys.2007.06.002}",
      eprint         = "{astro-ph/0701858}",
      archivePrefix  = "{arXiv}",
      primaryClass   = "{ASTRO-PH}",
      SLACcitation   = "{%%CITATION = ASTRO-PH/0701858;%%}"
}

%***[12]
@article{Araujo:2011as,
      author         = "Ara{\'u}jo, H. M. and others",
      title          = "{Radioactivity Backgrounds in ZEPLIN-III}",
      journal        = "{Astropart. Phys.}",
      volume         = "{35}",
      year           = "{2012}",
      pages          = "{495-502}",
      doi            = "{10.1016/j.astropartphys.2011.11.001}",
      eprint         = "{1104.3538}",
      archivePrefix  = "{arXiv}",
      primaryClass   = "{physics.ins-det}",
      SLACcitation   = "{%%CITATION = ARXIV:1104.3538;%%}"
}

%% Measuring and understanding radon adsorption in microporous materials
@article{Noel:2015nla,
      author         = "Noel, Raymond and others",
      title          = "{Measuring and understanding radon adsorption in microporous materials}",
      booktitle      = "{Proceedings, 5th Topical Workshop on Low Radioactivity
                        Techniques (LRT 2015): Seattle, WA, USA, March 18-20,
                        2015}",
      journal        = "{AIP Conf. Proc.}",
      volume         = "{1672}",
      year           = "{2015}",
      number         = "{1}",
      pages          = "{070001}",
      doi            = "{10.1063/1.4927992}",
      SLACcitation   = "{%%CITATION = APCPC,1672,070001;%%}"
}

%% Black Hills State University Underground Campus
@article{Mount:2017iam,
      author         = "Mount, Brianna J. and others",
      title          = "{Black Hills State University Underground Campus}",
      journal        = "{Appl. Radiat. Isot.}",
      volume         = "{126}",
      year           = "{2017}",
      pages          = "{130-133}",
      doi            = "{10.1016/j.apradiso.2017.02.025}",
      SLACcitation   = "{%%CITATION = ARISE,126,130;%%}"
}

%% Low Background Counting at LBNL
@article{Smith:2015aoa,
      author         = "Smith, A. R. and others",
      title          = "{Low Background Counting at LBNL}",
      booktitle      = "{Proceedings, 13th International Conference on Topics in Astroparticle and Underground Physics (TAUP 2013): Asilomar, California, September 8-13, 2013}",
      journal        = "{Phys. Procedia}",
      volume         = "{61}",
      year           = "{2015}",
      pages          = "{787-795}",
      doi            = "{10.1016/j.phpro.2014.12.101}",
      SLACcitation   = "{%%CITATION = INSPIRE-1357772;%%}"
}


%% GEANT4 models of HPGe detectors for radioassay
@article{Tsang:2019apx,
      author         = "Tsang, R. H. M. and others",
      title          = "{GEANT4 models of HPGe detectors for radioassay}",
      journal        = "{Nucl. Instrum. Meth.}",
      volume         = "{A935}",
      year           = "{2019}",
      pages          = "{75-82}",
      doi            = "{10.1016/j.nima.2019.04.085}",
      eprint         = "{1902.06847}",
      archivePrefix  = "{arXiv}",
      primaryClass   = "{physics.ins-det}",
      SLACcitation   = "{%%CITATION = ARXIV:1902.06847;%%}"
}

%% LZ Screening Paper
@article{lz_screening,
      author         = "D.S. Akeriba, C.W. Akerlof, D. Yu. Akimov and others",
      title          = "{The LUX-ZEPLIN (LZ) radioactivity and cleanliness control                    programs}",
      journal        = "",
      volume         = "",
      year           = "2020",
      doi            = "",
      eprint         = "",
      archivePrefix  = "",
      primaryClass   = "",
      SLACcitation   = ""
}

%% Primordial Radionuclide Chain Disequilibrium
@article{Malling:2013jya,
      author         = "Malling, D. C. and others",
      title          = "{Dark Matter Search Backgrounds from Primordial Radionuclide Chain Disequilibrium}",
      year           = "{2013}",
      eprint         = "{1305.5183}",
      archivePrefix  = "{arXiv}",
      primaryClass   = "{astro-ph.IM}",
      SLACcitation   = "{%%CITATION = ARXIV:1305.5183;%%}"
}


%% Radon-proof bagging
@article{Meng:2019ker,
      author         = "Meng, Yue and others",
      title          = "{A New Method for Evaluating the Effectiveness of Plastic Packaging Against Radon Penetration}",
      year           = "{2019}",
      eprint         = "{1903.02643}",
      archivePrefix  = "{arXiv}",
      primaryClass   = "{physics.ins-det}",
      SLACcitation   = "{%%CITATION = ARXIV:1903.02643;%%}"
}

%% Image software
@article{DBLP:journals/corr/RuedenSHDWE17,
      author        = "Curtis T. Rueden and others",
      title         = "{ImageJ2: ImageJ for the next generation of scientific image data}",
      journal       = "{CoRR}",
      volume        = "{abs/1701.05940}",
      year          = "{2017}",
      archivePrefix = "{arXiv}",
      eprint        = "{1701.05940}",
      timestamp     = "{Mon, 13 Aug 2018 16:45:58 +0200}",
      bibsource     = "{dblp computer science bibliography, https://dblp.org}"
}

%% Dust screening and cleanliness
@article{borson2005iest,
      title         ="{IEST-STD-CC1246D: product cleanliness levels and contamination control program}",
      author        ="Borson, E.N.",
      journal       ="{Institute of Environmental Sciences and Technology}",
      year          ="{2005}"
}

%% SNO Collaboration
@article{Boger:1999bb,
      author         = "Boger, J. and others",
      title          = "{The Sudbury neutrino observatory}",
      collaboration  = "{SNO}",
      journal        = "{Nucl. Instrum. Meth.}",
      volume         = "{A449}",
      year           = "{2000}",
      pages          = "{172-207}",
      doi            = "{10.1016/S0168-9002(99)01469-2}",
      eprint         = "{nucl-ex/9910016}",
      archivePrefix  = "{arXiv}",
      primaryClass   = "{nucl-ex}",
      reportNumber   = "{SNO-STR-99-025}",
      SLACcitation   = "{%%CITATION = NUCL-EX/9910016;%%}"
}

%% SNO cleanliness program
@TechReport{stokstad:1991,
      Author	= "E. Douglas Hallman and Robert G. Stokstad",
      Title		= "{Establishing a Cleanliness Program and Specifications for the Sudbury Neutrino Observatory}",
      Institution	= "{Sudbury Neutrino Observatory, Department of Physics, Stirling Hall, Queen's University at Kingston, Kingston, Ontario, Canada K7L 3N6}",
      Year		= "{1991}",
      Number	= "{SNO-STR-91-009}"
}

%% Jacobi Model
@article{jacobi1972activity,
      title         = "{Activity and Potential Alpha-energy of 222 Radon and 220 Radon-daughters in Different Air Atmospheres}",
      author        = "Jacobi, W",
      journal       = "{Health Physics}",
      volume        = "{22}",
      number        = "{5}",
      pages         = "{441--450}",
      year          = "{1972}",
      publisher     = "{LWW}"
}

%%--
@article{knutson1988modeling,
      title="{Modeling indoor concentrations of radon decay products}",
      author="Knutson, E. O.",
      journal="{Radon and its decay products in indoor air}",
      pages="{161--202}",
      year="{1988}",
      publisher="{Wiley New York}"
}

%% Triboelectric series
@article{zou:2019tde,
	Author = "Zou, Haiyang and others",
	Doi = "{10.1038/s41467-019-09461-x}",
	Journal = "{Nature Communications}",
	Number = "{1}",
	Pages = "{1427}",
	Title = "{Quantifying the triboelectric series}",
	Volume = "{10}",
	Year = "{2019}"
}

%% PTFE charging
@article{Morrison:2017xul,
      author         = "Morrison, Eric S. and others",
      title          = "{Radon Daughter Plate-out onto Teflon}",
      booktitle      = "{Proceedings, 6th Topical Workshop on Low Radioactivity Techniques (LRT 2017): Seoul, Korea, May 24-26, 2017}",
      journal        = "{AIP Conf. Proc.}",
      volume         = "{1921}",
      year           = "{2018}",
      number         = "{1}",
      pages          = "{090002}",
      doi            = "{10.1063/1.5019012}",
      eprint         = "{1708.08534}",
      archivePrefix  = "{arXiv}",
      primaryClass   = "{physics.ins-det}",
      SLACcitation   = "{%%CITATION = ARXIV:1708.08534;%%}"
}

%% Gamma rays from U and Th series
@book{MolnarGabor.1997,
author = {{Molnár Gábor.} and {Belgya Tamás.} and {Révay Zsolt.} and {International Symposium on Capture Gamma-Ray Spectroscopy and Related Topics (9.) (Budapest) (1996)}},
isbn = {9637775552},
publisher = {Springer},
title = {{Proceedings of the 9. International Symposium on Capture Gamma-Ray Spectroscopy and Related Topics : Budapest, 8-12 October 1996}},
url = {https://inis.iaea.org/search/search.aspx?orig{\_}q=RN:29027738},
year = {1997}
}

%% Davis cavern rock formation
@article{Heise_2015,
   title={The Sanford Underground Research Facility at Homestake},
   volume={606},
   ISSN={1742-6596},
   url={http://dx.doi.org/10.1088/1742-6596/606/1/012015},
   DOI={10.1088/1742-6596/606/1/012015},
   journal={Journal of Physics: Conference Series},
   publisher={IOP Publishing},
   author={Heise, J},
   year={2015},
   month={May},
   pages={012015}
}

%% Resolution model
@article{An:2016ses,
      author         = "An, Feng Peng and others",
      title          = "{Measurement of electron antineutrino oscillation based on 1230 days of operation of the Daya Bay experiment}",
      collaboration  = "Daya Bay",
      journal        = "Phys. Rev.",
      volume         = "D95",
      year           = "2017",
      number         = "7",
      pages          = "072006",
      doi            = "10.1103/PhysRevD.95.072006",
      eprint         = "1610.04802",
      archivePrefix  = "arXiv",
      primaryClass   = "hep-ex",
      SLACcitation   = "%%CITATION = ARXIV:1610.04802;%%"
}

%% NaI(Tl) contamination
@article{Kim:2014toa,
    author = "Kim, K.W. and others",
    archivePrefix = "arXiv",
    doi = "10.1016/j.astropartphys.2014.10.004",
    eprint = "1407.1586",
    journal = "Astropart. Phys.",
    pages = "249--257",
    primaryClass = "astro-ph.IM",
    title = "{Tests on NaI(Tl) crystals for WIMP search at the Yangyang Underground Laboratory}",
    volume = "62",
    year = "2015"
}

%% Livermore Physics 
@article{osti_295438,
    title = {EPDL97: the evaluated photo data library `97 version},
    author = {Cullen, D E and Hubbell, J H and Kissel, L},
    abstractNote = {The Evaluated Photon Data Library, 1997 version (EPLD97), is designed for use in photon transport calculations at Lawrence Livermore National Laboratory. This library includes photon interaction data for all elements with atomic number between Z = 1 (hydrogne) and 100 (fermium), including: photoionization, photoexcitation, coherent and incoherent scattering, and pair and triplet porduction cross sections. For use in applications data is provided for all elements over the energy range 1 eV to 100 GeV. This report documents the sources and treatment of the data included inthis library. EPDL97 completely supersedes the earlier 1989 version of EPDL and it is highly recommended that useres only use the most recent version of this library.},
    doi = {10.2172/295438},
    journal = {},
    volume = ,
    place = {United States},
    year = {1997},
    month = {9}
}

@article{osti_5691165,
    title = {Tables and graphs of electron-interaction cross sections from 10 eV to 100 GeV derived from the LLNL Evaluated Electron Data Library (EEDL), Z = 1--100},
    author = {Perkins, S T and Cullen, D E and Seltzer, S M},
    abstractNote = {Energy-dependent evaluated electron interaction cross sections and related parameters are presented for elements H through Fm (Z = 1 to 100). Data are given over the energy range from 10 eV to 100 GeV. Cross sections and average energy deposits are presented in tabulated and graphic form. In addition, ionization cross sections and average energy deposits for each shell are presented in graphic form. This information is derived from the Livermore Evaluated Electron Data Library (EEDL) as of July, 1991.},
    doi = {10.2172/5691165},
    number={1},
    journal = {},
    volume = ,
    place = {United States},
    year = {1991},
    month = {11}
}

%% Homestake chemical composition
@article{Mei_2010,
   title={Early results on radioactive background characterization for Sanford Laboratory and DUSEL experiments},
   volume={34},
   ISSN={0927-6505},
   url={http://dx.doi.org/10.1016/j.astropartphys.2010.04.003},
   DOI={10.1016/j.astropartphys.2010.04.003},
   number={1},
   journal={Astroparticle Physics},
   publisher={Elsevier BV},
   author={Mei, D.-M. and Zhang, C. and Thomas, K. and Gray, F.},
   year={2010},
   month={Aug},
   pages={33–39}
}


%% Gamma ray background of davis cavern.
@article{Akerib_2020_gray_measurements,
   title={Measurement of the gamma ray background in the Davis cavern at the Sanford Underground Research Facility},
   volume={116},
   ISSN={0927-6505},
   url={http://dx.doi.org/10.1016/j.astropartphys.2019.102391},
   DOI={10.1016/j.astropartphys.2019.102391},
   journal={Astroparticle Physics},
   publisher={Elsevier BV},
   author={Akerib, D.S. and Akerlof, C.W. and Alsum, S.K. and Angelides, N. and Araújo, H.M. and Armstrong, J.E. and Arthurs, M. and Bai, X. and Balajthy, J. and Balashov, S. and et al.},
   year={2020},
   month={Mar},
}


%%---------------------%%
%%----- CHAPTER 4 -----%%
%%---------------------%%
%
%% SECTION 4.1 %%
%
@article{PARTINGTON1957,
    abstract = {THE books on radioactivity and physics agree in attributing the discovery of radium emanation to E. or F. Dorn, giving as a reference either Abhl. Naturf. Ges. Halle (1900) or (such as “Geiger and Scheel” and “Wien-Harms”) the same publication, 22, 155 (1900). Mellor adds, “E. Dorn, Ueber die von radioaktiven Substanzen ausgesandte Emanation, Stuttgart, 1900”. The volume of the Abhandlungen der Naturforschenden Gesellschaft zu Halle mentioned, namely, 22, is dated 1900–1, and p. 155 is in the middle of a long article on the flora of Scandinavia.},
    author = {PARTINGTON, J R},
    doi = {10.1038/179912a0},
    issn = {1476-4687},
    journal = {Nature},
    number = {4566},
    pages = {912},
    title = {{Discovery of Radon}},
    url = {https://doi.org/10.1038/179912a0},
    volume = {179},
    year = {1957}
}

@misc{scovell_boulby, 
    title={An Update from the Boulby Underground Laboratory}, url={https://indico.fnal.gov/event/19947/contributions/54719/attachments/34157/41788/DMUK_BoulbyUpdate.pdf}, 
    journal={Dark Matter UK}, 
    author={Scovell, Paul}
}
%
%% SECTION 4.2 %%
%
@article{radon_emanation_modeling,
    author = {Sakoda, Akihiro and ISHIMORI, Yuu},
    year = {2017},
    month = {01},
    pages = {296-306},
    title = {Mechanisms and Modeling Approaches of Radon Emanation for Natural Materials},
    volume = {52},
    journal = {Japanese Journal of Health Physics},
    doi = {10.5453/jhps.52.296}
}
%
%% SECTION 4.3 %%
%
%% James Mott Thesis
@phdthesis{mott_2013,
      author         = "James Mott",
      title          = "{Search for double beta decay of $^{82}$Se with the  NEMO-3 detector and development of apparatus for low-level radon measurements for the SuperNEMO experiment}",
      school         = "University College London",
      year           = "2013",
      url            ="",
}

%% Xin Ran Liu Thesis
@phdthesis{xin_2017,
      author         = "Xin Ran Liu",
      title          = "{Low background techniques for the SuperNEMO experiment}",
      school         = "University College London",
      year           = "2017",
      url            ="",
}

%% Neutrilisation rates of Po218
@article{PAGELKOPF20031057,
    title = "Neutralisation rate and the fraction of the positive $^{218}$Po-clusters in air",
    journal = "Atmospheric Environment",
    volume = "37",
    number = "8",
    pages = "1057 - 1064",
    year = "2003",
    issn = "1352-2310",
    doi = "https://doi.org/10.1016/S1352-2310(02)00997-4",
    url = "http://www.sciencedirect.com/science/article/pii/S1352231002009974",
    author = "P Pagelkopf and J Porstendörfer",
    keywords = "Neutralisation, Radon decay products, Po-cluster, Fraction of positive Po-clusters, Radioactive aerosols, Environmental radioactivity",
}

%% Electrostatic detectors for radon detection
@article{CHOI2001177,
    title = "Highly sensitive radon monitor and radon emanation rates for detector components",
    journal = "Nuclear Instruments and Methods in Physics Research Section A: Accelerators, Spectrometers, Detectors and Associated Equipment",
    volume = "459",
    number = "1",
    pages = "177 - 181",
    year = "2001",
    issn = "0168-9002",
    doi = "https://doi.org/10.1016/S0168-9002(00)01004-4",
    url = "http://www.sciencedirect.com/science/article/pii/S0168900200010044",
    author = "E. Choi and M. Komori and K. Takahisa and N. Kudomi and K. Kume and K. Hayashi and S. Yoshida and H. Ohsumi and H. Ejiri and T. Kishimoto and K. Matsuoka and S. Tasaka",
    keywords = "High sensitive radon monitor, Radon concentration, Detector component",
    abstract = "The radon emanation rates for materials were measured by using the electrostatic precipitation method as a radon monitor. It was found that a low level of radon was emanated from several material components in ELEGANT V. The radon monitor has been developed for the highly sensitive measurements of low-level radon concentration. The system was shown to have a sensitivity to radon concentrations as low as 1.6mBq/m3 for one day measurement. The system was also used as the radon concentration monitor for the gas inside the airtight box of the ELEGANT V at Oto Cosmo Observatory."
}

%% Development of electrostatic detector used at UCL
@article{MITSUDA2003414,
    title = "Development of super-high sensitivity radon detector for the Super-Kamiokande detector",
    journal = "Nuclear Instruments and Methods in Physics Research Section A: Accelerators, Spectrometers, Detectors and Associated Equipment",
    volume = "497",
    number = "2",
    pages = "414 - 428",
    year = "2003",
    issn = "0168-9002",
    doi = "https://doi.org/10.1016/S0168-9002(02)01923-X",
    url = "http://www.sciencedirect.com/science/article/pii/S016890020201923X",
    author = "C Mitsuda and T Kajita and K Miyano and S Moriyama and M Nakahata and Y Takeuchi and S Tasaka",
    keywords = "Radon, Super-Kamiokande, Electrostatic collection, Photodiode, Membrane",
    abstract = "A super-high sensitivity radon detector for water which works as a real-time monitor of the radon concentration in water for the Super-Kamiokande detector was developed. Super-high sensitivity was achieved through the utilization of the membrane degassifier module, in addition to factors such as large detector volume, high electrostatic collection voltage, and high-quality electronics. As a result of the calibration study, a sensitivity of 14.6±2.1(stat.+syst.) (counts/day)/(mBq/m3) is achieved. The background level of the radon detector for water is 34.5±5.8(stat.) (counts/day). This corresponds to the detection limit of 0.7mBq/m3 in a one-day measurement."
}